@article{masanet:20,
  author  = {Eric Masanet and Arman Shehabi and Nuoa Lei and Sarah Smith and Jonathan Koomey},
  title   = {Recalibrating global data center energy-use estimates},
  journal = {Science},
  volume  = {367},
  number  = {6481},
  pages   = {984-986},
  year    = {2020},
  doi     = {10.1126/science.aba3758},
  url     = {https://www.science.org/doi/abs/10.1126/science.aba3758},
  eprint  = {https://www.science.org/doi/pdf/10.1126/science.aba3758}
}